@article{hillenbrand1995,
  title={Acoustic characteristics of American English vowels},
  author={Hillenbrand, James and Getty, Laura A and Clark, Michael J and Wheeler, Kimberlee},
  journal={The Journal of the Acoustical society of America},
  volume={97},
  number={5},
  pages={3099--3111},
  year={1995},
  publisher={ASA}
}

@article{peterson1952,
  title={Control methods used in a study of the vowels},
  author={Peterson, Gordon E and Barney, Harold L},
  journal={The Journal of the acoustical society of America},
  volume={24},
  number={2},
  pages={175--184},
  year={1952},
  publisher={ASA}
}

